@article{yamada2010biological,
  title={{Biological and Structural Characterization of a Host-Adapting Amino Acid in Influenza Virus}},
  author={Yamada, S. and Hatta, M. and Staker, B.L. and Watanabe, S. and Imai, M. and Shinya, K. and Sakai-Tagawa, Y. and Ito, M. and Ozawa, M. and Watanabe, T. and others},
  journal={PLoS Pathogens},
  volume={6},
  number={8},
  year={2010},
  publisher={Public Library of Science}
}

@article{jun2010whole,
  title={{Whole-proteome phylogeny of prokaryotes by feature frequency profiles: An alignment-free method with optimal feature resolution}},
  author={Jun, S.R. and Sims, G.E. and Wu, G.A. and Kim, S.H.},
  journal={PNAS},
  volume={107},
  number={1},
  pages={133},
  year={2010},
  publisher={National Acad Sciences}
}

@article{solovyov2010host,
  title={{Host Dependent Evolutionary Patterns and the Origin of 2009 H1N1 Pandemic Influenza}},
  author={Solovyov, A. and Greenbaum, B. and Palacios, G. and Lipkin, W.I. and Rabadan, R.},
  journal={PLoS Currents. Influenza},
  year={2010}
}

@article{munroe2010third,
  title={{Third-generation sequencing fireworks at Marco Island}},
  author={Munroe, D.J. and Harris, T.J.R.},
  journal={Nature Biotechnology},
  volume={28},
  number={5},
  pages={426--428},
  year={2010},
  publisher={Nature Publishing Group}
}

@article{brander2000modulation,
  title={{Modulation of host immune responses by clinically relevant human DNA and RNA viruses}},
  author={Brander, C. and Walker, B.D.},
  journal={Current Opinion in Microbiology},
  volume={3},
  number={4},
  pages={379--386},
  year={2000},
  publisher={Elsevier}
}

@article{tokuriki2009viral,
  title={{Do viral proteins possess unique biophysical features?}},
  author={Tokuriki, N. and Oldfield, C.J. and Uversky, V.N. and Berezovsky, I.N. and Tawfik, D.S.},
  journal={Trends in Biochemical Sciences},
  volume={34},
  number={2},
  pages={53--59},
  year={2009},
  publisher={Elsevier}
}

@article{goh2008protein,
  title={{Protein intrinsic disorder toolbox for comparative analysis of viral proteins}},
  author={Goh, G. and Dunker, A.K. and Uversky, V.},
  journal={BMC Genomics},
  volume={9},
  number={Suppl 2},
  pages={S4},
  year={2008},
  publisher={BioMed Central Ltd}
}

@article{harris1999hiv,
  title={{HIV: a new role for Nef in the spread of HIV}},
  author={Harris, M.},
  journal={Current Biology},
  volume={9},
  number={12},
  pages={R459--R461},
  year={1999},
  publisher={Elsevier}
}

@article{levesque2004role,
  title={{Role of CD4 receptor down-regulation during HIV-1 infection}},
  author={Levesque, K. and Finzi, A. and Binette, J. and Cohen, EA},
  journal={Current HIV Research},
  volume={2},
  number={1},
  pages={51--59},
  year={2004},
  publisher={Bentham Science Publishers}
}

@article{roehrl2004selective,
  title={{Selective inhibition of calcineurin-NFAT signaling by blocking protein--protein interaction with small organic molecules}},
  author={Roehrl, M.H.A. and Kang, S. and Aramburu, J. and Wagner, G. and Rao, A. and Hogan, P.G.},
  journal={PNAS},
  volume={101},
  number={20},
  pages={7554},
  year={2004},
  publisher={National Acad Sciences}
}

@article{thompson1996synthesis,
  title={{Synthesis and applications of small molecule libraries}},
  author={Thompson, L.A. and Ellman, J.A.},
  journal={Chemical Reviews},
  volume={96},
  number={1},
  pages={555--600},
  year={1996},
  publisher={ACS Publications}
}

@article{degterev2001identification,
  title={{Identification of small-molecule inhibitors of interaction between the BH3 domain and Bcl-xL}},
  author={Degterev, A. and Lugovskoy, A. and Cardone, M. and Mulley, B. and Wagner, G. and Mitchison, T. and Yuan, J.},
  journal={Nature Cell Biology},
  volume={3},
  number={2},
  pages={173--182},
  year={2001},
  publisher={Nature Publishing Group}
}

@article{arkin2004small,
  title={{Small-molecule inhibitors of protein--protein interactions: progressing towards the dream}},
  author={Arkin, M.R. and Wells, J.A.},
  journal={Nature Reviews Drug Discovery},
  volume={3},
  number={4},
  pages={301--317},
  year={2004},
  publisher={Nature Publishing Group}
}

@article{rambaut2004causes,
  title={{The causes and consequences of HIV evolution}},
  author={Rambaut, A. and Posada, D. and Crandall, K.A. and Holmes, E.C.},
  journal={Nature Reviews Genetics},
  volume={5},
  number={1},
  pages={52--61},
  year={2004},
  publisher={Nature Publishing Group}
}

@article{petsalaki2008peptide,
  title={{Peptide-mediated interactions in biological systems: new discoveries and applications}},
  author={Petsalaki, E. and Russell, R.B.},
  journal={Current Opinion in Biotechnology},
  volume={19},
  number={4},
  pages={344--350},
  year={2008},
  publisher={Elsevier}
}

@article{misawa2010rapid,
  title={Rapid and High-Sensitivity Cell-Based Assays of Protein-Protein Interactions Using Split Click Beetle Luciferase Complementation: An Approach to the Study of {G}-Protein-Coupled Receptors},
  author={Misawa, N. and Kafi, AKM and Hattori, M. and Miura, K. and Masuda, K. and Ozawa, T.},
  journal={Analytical Chemistry},
  volume={82},
  number={6},
  pages={2552--2560},
  year={2010},
  publisher={ACS Publications}
}

@article{barab√°si2004network,
  title={{Network biology: understanding the cell's functional organization}},
  author={Barab{\'a}si, A.L. and Oltvai, Z.N.},
  journal={Nature Reviews Genetics},
  volume={5},
  number={2},
  pages={101--113},
  year={2004},
  publisher={Nature Publishing Group}
}

@article{fraser2005modularity,
  title={{Modularity and evolutionary constraint on proteins}},
  author={Fraser, H.B.},
  journal={Nature Genetics},
  volume={37},
  number={4},
  pages={351--352},
  year={2005},
  publisher={Nature Publishing Group}
}

@article{kahali2009exploring,
  title={{Exploring the evolutionary rate differences of party hub and date hub proteins in Saccharomyces cerevisiae protein-protein interaction network}},
  author={Kahali, B. and Ahmad, S. and Ghosh, T.C.},
  journal={Gene},
  volume={429},
  number={1-2},
  pages={18--22},
  year={2009},
  publisher={Elsevier}
}

@article{segal2003discovering,
  title={{Discovering molecular pathways from protein interaction and gene expression data}},
  author={Segal, E. and Wang, H. and Koller, D.},
  journal={Bioinformatics},
  volume={19},
  number={Suppl 1},
  pages={i264},
  year={2003},
  publisher={Oxford Univ Press}
}

@article{turner1999structural,
  title={{Structural biology of HIV1}},
  author={Turner, B.G. and Summers, M.F.},
  journal={Journal of Molecular Biology},
  volume={285},
  number={1},
  pages={1--32},
  year={1999},
  publisher={Elsevier}
}

@article{teshima2008neofunctionalization,
  title={{Neofunctionalization of duplicated genes under the pressure of gene conversion}},
  author={Teshima, K.M. and Innan, H.},
  journal={Genetics},
  volume={178},
  number={3},
  pages={1385},
  year={2008},
  publisher={Genetics Soc America}
}

@article{roovers2000integrating,
  title={{Integrating the MAP kinase signal into the G1 phase cell cycle machinery}},
  author={Roovers, K. and Assoian, R.K.},
  journal={Bioessays},
  volume={22},
  number={9},
  pages={818--826},
  year={2000},
  publisher={John Wiley \& Sons}
}

@article{lavoie1996cyclin,
  title={{Cyclin D1 expression is regulated positively by the p42/p44MAPK and negatively by the p38/HOGMAPK pathway}},
  author={Lavoie, J.N. and L'Allemain, G. and Brunet, A. and Muller,
                  R. and Pouyssegur, J.},
  journal={Journal of Biological Chemistry},
  volume={271},
  number={34},
  pages={20608},
  year={1996},
  publisher={ASBMB}
}

@article{blenis1993signal,
  title={{Signal transduction via the MAP kinases: proceed at your own RSK}},
  author={Blenis, J.},
  journal={PNAS},
  volume={90},
  number={13},
  pages={5889},
  year={1993},
  publisher={National Acad Sciences}
}

@article{marshall1994map,
  title={{MAP kinase kinase kinase, MAP kinase kinase and MAP kinase}},
  author={Marshall, C.J.},
  journal={Current opinion in genetics \& development},
  volume={4},
  number={1},
  pages={82--89},
  year={1994},
  publisher={Elsevier}
}

@article{robbins1994map,
  title={{MAP kinases ERK1 and ERK2: pleiotropic enzymes in a ubiquitous signaling network}},
  author={Robbins, D.J. and Zhen, E. and Cheng, M. and Xu, S. and Ebert, D. and Cobb, M.H.},
  journal={Advances in cancer research},
  volume={63},
  pages={93--116},
  year={1994},
  publisher={Elsevier}
}

@article{sugden1997regulation,
  title={{Regulation of the ERK subgroup of MAP kinase cascades through G protein-coupled receptors}},
  author={Sugden, P.H. and Clerk, A.},
  journal={Cellular signalling},
  volume={9},
  number={5},
  pages={337--351},
  year={1997},
  publisher={Elsevier}
}

@article{remy2002detection,
  title={{Detection and visualization of protein interactions with protein fragment complementation assays}},
  author={Remy, I. and Galarneau, A. and Michnick, S.W.},
  journal={Methods in Molecular Biology},
  volume={185},
  pages={447--460},
  year={2002},
  publisher={Springer}
}

@article{suzuki2001protein,
  title={{Protein--protein interaction panel using mouse full-length cDNAs}},
  author={Suzuki, H. and Fukunishi, Y. and Kagawa, I. and Saito, R. and Oda, H. and Endo, T. and Kondo, S. and Bono, H. and Okazaki, Y. and Hayashizaki, Y.},
  journal={Genome Research},
  volume={11},
  number={10},
  pages={1758},
  year={2001},
  publisher={Cold Spring Harbor Lab}
}

@inproceedings{tastan09,
   Author = {Tastan, O. and Qi, Y. and Carbonell, J. G. and Klein-Seetharaman, J.},
   Title = {Prediction of interactions between {HIV}-1 and human proteins by information integration},
   BookTitle = {Pacific Symposium on Biocomputing},
   Pages = {516},
   Note  = {Pacific Symposium on Biocomputing. Pacific Symposium on Biocomputing},
      Year = {2009} }

@article{li2006discovering,
  title={{Discovering motif pairs at interaction sites from protein sequences on a proteome-wide scale}},
  author={Li, H. and Li, J. and Wong, L.},
  journal={Bioinformatics},
  volume={22},
  number={8},
  pages={989},
  year={2006},
  publisher={Oxford Univ Press}
}

@article{letunic2008smart,
  title={{{SMART} 6: recent updates and new developments}},
  author={Letunic, I. and Doerks, T. and Bork, P.},
  journal={Nucleic Acids Research},
  year={2008},
  publisher={Oxford Univ Press}
}

@article{reimand2007g,
  title={{g:Profiler--a web-based toolset for functional profiling of gene lists from large-scale experiments}},
  author={Reimand, J. and Kull, M. and Peterson, H. and Hansen, J. and Vilo, J.},
  journal={Nucleic Acids Research},
  volume={35},
  number={Web Server issue},
  pages={W193},
  year={2007},
  publisher={Oxford Univ Press}
}

@article{citeulike:6008733,
    author = {The UniProt Consortium},
    citeulike-article-id = {6008733},
    citeulike-linkout-0 = {http://dx.doi.org/10.1093/nar/gkp846},
    citeulike-linkout-1 = {http://nar.oxfordjournals.org/content/gkp846v1/.abstract},
    citeulike-linkout-2 = {http://nar.oxfordjournals.org/content/gkp846v1/.full.pdf},
    citeulike-linkout-3 = {http://nar.oxfordjournals.org/cgi/content/abstract/38/suppl\_1/D142},
    citeulike-linkout-4 = {http://view.ncbi.nlm.nih.gov/pubmed/19843607},
    citeulike-linkout-5 = {http://www.hubmed.org/display.cgi?uids=19843607},
    day = {1},
    doi = {10.1093/nar/gkp846},
    journal = {Nucl. Acids Res.},
    month = {January},
    number = {suppl\_1},
    pages = {D142--148},
    posted-at = {2009-10-26 09:21:32},
    priority = {2},
    title = {The Universal Protein Resource ({U}ni{P}rot) in 2010},
    url = {http://dx.doi.org/10.1093/nar/gkp846},
    volume = {38},
    year = {2010}
}

@article{moradpour07,
  title={{Replication of hepatitis {C} virus}},
  author={Moradpour, D. and Penin, F. and Rice, C.M.},
  journal={Nature Reviews Microbiology},
  volume={5},
  number={6},
  pages={453--463},
  year={2007},
  publisher={London: Nature Pub. Group, c2003-}
}

@article{bushman09,
  title={{Host cell factors in HIV replication: meta-analysis of genome-wide studies}},
  author={Bushman, F.D. and Malani, N. and Fernandes, J. and D'Orso, I. and Cagney, G. and Diamond, T.L. and Zhou, H. and Hazuda, D.J. and Espeseth, A.S. and K\"{o}nig, R. and others},
  journal={PLoS Pathogens},
  volume={5},
  number={5},
  year={2009},
  publisher={Public Library of Science}
}

@article{fraser05,
  title={{Modularity and evolutionary constraint on proteins}},
  author={Fraser, H.B.},
  journal={Nature genetics},
  volume={37},
  number={4},
  pages={351--352},
  year={2005},
  publisher={New York, NY: Nature Pub. Co., c1992-}
}

@article{romani09,
author = {Romani, Bizhan and Engelbrecht, Susan},
doi = {10.1099/vir.0.011726-0},
file = {:home/perry/Dropbox/articles/vpr\_review.pdf:pdf},
issn = {0022-1317},
journal = {The Journal of general virology},
keywords = {HIV-1,HIV-1: pathogenicity,Host-Pathogen Interactions,Humans,Models, Biological,Protein Binding,United States,Virulence Factors,Virulence Factors: metabolism,vpr Gene Products, Human Immunodeficiency Virus,vpr Gene Products, Human Immunodeficiency Virus: metabolism},
number = {Pt 8},
pages = {1795--805},
pmid = {19458171},
title = {{Human immunodeficiency virus type 1 Vpr: functions and molecular interactions.}},
url = {http://www.ncbi.nlm.nih.gov/pubmed/19458171},
volume = {90},
year = {2009}
}

@article{ott96,
author = {Ott, D E and Coren, L V and Kane, B P and Busch, L K and Johnson, D G and Sowder, R C and Chertova, E N and Arthur, L O and Henderson, L E},
file = {:home/perry/Dropbox/articles/gag\_msn.pdf:pdf},
issn = {0022-538X},
journal = {Journal of virology},
month = {November},
number = {11},
pages = {7734--43},
pmid = {8892894},
title = {{Cytoskeletal proteins inside human immunodeficiency virus type 1 virions.}},
url = {http://www.ncbi.nlm.nih.gov/pubmed/8892894},
volume = {70},
year = {1996}
}

@article{barreroVillar09,
author = {Barrero-Villar, Marta and Cabrero, Jos\'{e} Rom\'{a}n and Gord\'{o}n-Alonso, M\'{o}nica and Barroso-Gonz\'{a}lez, Jonathan and Alvarez-Losada, Susana and Mu\~{n}oz-Fern\'{a}ndez, M Angeles and S\'{a}nchez-Madrid, Francisco and Valenzuela-Fern\'{a}ndez, Agust\'{\i}n},
doi = {10.1242/jcs.035873},
file = {:home/perry/Dropbox/articles/moesin\_cd4\_cxcr4.pdf:pdf},
issn = {0021-9533},
journal = {Journal of cell science},
number = {Pt 1},
pages = {103--13},
pmid = {19066282},
title = {{Moesin is required for HIV-1-induced CD4-CXCR4 interaction, F-actin redistribution, membrane fusion and viral infection in lymphocytes.}},
url = {http://www.ncbi.nlm.nih.gov/pubmed/19066282},
volume = {122},
year = {2009}
}

@article{zaitseva03,
author = {Zaitseva, M},
doi = {10.1016/S0005-2736(03)00162-7},
file = {:home/perry/Dropbox/articles/hiv\_cell\_fusion.pdf:pdf},
issn = {00052736},
journal = {Biochimica et Biophysica Acta (BBA) - Biomembranes},
keywords = {coreceptor,entry-inhibitor,hiv envelope,hiv receptor,viral-cell fusion},
number = {1},
pages = {51--61},
title = {{HIV coreceptors: role of structure, posttranslational modifications, and internalization in viral-cell fusion and as targets for entry inhibitors}},
url = {http://linkinghub.elsevier.com/retrieve/pii/S0005273603001627},
volume = {1614},
year = {2003}
}

@article{daSilva09,
author = {DaSilva, Luis L P and Sougrat, Rachid and Burgos, Patricia V and Janvier, Katy and Mattera, Rafael and Bonifacino, Juan S},
doi = {10.1128/JVI.00548-09},
file = {:home/perry/.local/share/data/Mendeley Ltd./Mendeley Desktop/Downloaded/daSilva et al. - 2009 - Human immunodeficiency virus type 1 Nef protein targets CD4 to the multivesicular body pathway..pdf:pdf},
issn = {1098-5514},
journal = {Journal of virology},
keywords = {Antigens, CD4,Antigens, CD4: metabolism,Down-Regulation,Endosomes,Endosomes: metabolism,HIV-1,HIV-1: metabolism,Hela Cells,Humans,Lysosomes,Lysosomes: metabolism,RNA Interference,Ubiquitination,ap2,cd4,escrt,nef,nef Gene Products, Human Immunodeficiency Virus,nef Gene Products, Human Immunodeficiency Virus: m},
mendeley-tags = {ap2,cd4,escrt,nef},
number = {13},
pages = {6578--90},
pmid = {19403684},
title = {{Human immunodeficiency virus type 1 Nef protein targets CD4 to the multivesicular body pathway.}},
url = {http://www.ncbi.nlm.nih.gov/pubmed/19403684},
volume = {83},
year = {2009}
}

@article{chaudhuri07,
abstract = {Nef, an accessory protein of human and simian immunodeficiency viruses, is a critical determinant of pathogenesis that promotes the progression from infection to AIDS. The pathogenic effects of Nef are in large part dependent on its ability to downregulate the macrophage and T-cell coreceptor, CD4. It has been proposed that Nef induces downregulation by linking the cytosolic tail of CD4 to components of the host-cell protein trafficking machinery. To identify these components, we developed a novel Nef-CD4 downregulation system in Drosophila melanogaster S2 cells. We found that human immunodeficiency virus type 1 (HIV-1) Nef downregulates human CD4 in S2 cells and that this process is subject to the same sequence requirements as in human cells. An RNA interference screen targeting protein trafficking genes in S2 cells revealed a requirement for clathrin and the clathrin-associated, plasma membrane-localized AP2 complex in the downregulation of CD4. The requirement for AP2 was confirmed in the human cell line HeLa. We also used a yeast three-hybrid system and glutathione S-transferase pull-down analyses to demonstrate a robust, direct interaction between HIV-1 Nef and AP2. This interaction requires a dileucine motif in Nef that is also essential for downregulation of CD4. Together, these results support a model in which HIV-1 Nef downregulates CD4 by promoting its accelerated endocytosis by a clathrin/AP2 pathway.},
author = {Chaudhuri, Rittik and Lindwasser, O Wolf and Smith, William J and Hurley, James H and Bonifacino, Juan S},
doi = {10.1128/JVI.02725-06},
file = {:home/perry/.local/share/data/Mendeley Ltd./Mendeley Desktop/Downloaded/Chaudhuri et al. - 2007 - Downregulation of CD4 by human immunodeficiency virus type 1 Nef is dependent on clathrin and involves direct interaction of Nef with the AP2 clathrin adaptor..pdf:pdf},
issn = {0022-538X},
journal = {Journal of virology},
keywords = {Adaptor Protein Complex 2,Adaptor Protein Complex 2: metabolism,Animals,Antigens, CD4,Antigens, CD4: biosynthesis,Cell Line,Clathrin,Clathrin: metabolism,Down-Regulation,Drosophila melanogaster,Flow Cytometry,Gene Products, nef,Gene Products, nef: metabolism,Gene Silencing,HIV-1,HIV-1: physiology,Humans,Microscopy, Fluorescence,Protein Binding,Protein Interaction Mapping,RNA Interference,Transfection,nef Gene Products, Human Immunodeficiency Virus},
number = {8},
pages = {3877--90},
pmid = {17267500},
title = {{Downregulation of CD4 by human immunodeficiency virus type 1 Nef is dependent on clathrin and involves direct interaction of Nef with the AP2 clathrin adaptor.}},
url = {http://www.ncbi.nlm.nih.gov/pubmed/17267500},
volume = {81},
year = {2007}
}

@article{chan09,
abstract = {Recently in BMC Medical Genomics, Tozeren and colleagues have uncovered virus-host interactions by searching for conserved peptide motifs in HIV and human proteins. Their computational model provides a novel perspective in the interpretation of high-throughput data on the HIV-host interactome.},
annote = {This paper reviews our 2009 Medical Genomics papers on ELMs and HIV.},
author = {Chan, Eric Y and Korth, Marcus J and Katze, Michael G},
doi = {10.1186/jbiol183},
file = {:Users/perry/Dropbox/articles/review\_our\_stuff.pdf:pdf},
issn = {1475-4924},
journal = {Journal of biology},
month = {January},
number = {9},
pages = {84},
pmid = {19833003},
title = {{Decoding the multifaceted HIV-1 virus-host interactome}},
url = {http://www.ncbi.nlm.nih.gov/pubmed/19833003},
volume = {8},
year = {2009}
}

@article{faure04,
author = {Faure, Julien and Stalder, Romaine and Borel, Christelle and Sobo, Komla and Piguet, Vincent and Demaurex, Nicolas and Gruenberg, Jean and Trono, Didier},
doi = {10.1016/j},
file = {:Users/perry/Dropbox/articles/nef\_arf1.pdf:pdf},
journal = {Current},
pages = {1056--1064},
title = {{ARF1 Regulates Nef-Induced CD4 Degradation}},
volume = {14},
year = {2004}
}

@article{li05,
abstract = {Active host-pathogen interactions take place during infection of human immunodeficiency virus type 1 (HIV-1). Outcomes of these interactions determine the efficiency of viral infection and subsequent disease progression. HIV-infected cells respond to viral invasion with various defensive strategies such as innate, cellular and humoral immune antiviral mechanisms. On the other hand, the virus has also developed various offensive tactics to suppress these host cellular responses. Among many of the viral offensive strategies, HIV-1 viral auxiliary proteins (Tat, Rev, Nef, Vif, Vpr and Vpu) play important roles in the host-pathogen interaction and thus have significant impacts on the outcome of HIV infection. One of the best examples is the interaction of Vif with a host cytidine deaminase APOBEC3G. Although specific roles of other auxiliary proteins are not as well described as Vif-APOBEC3G interaction, it is the goal of this brief review to summarize some of the preliminary findings with the hope to stimulate further discussion and investigation in this exhilarating area of research.},
author = {Li, Lin and Li, Hai Shan and Pauza, C David and Bukrinsky, Michael and Zhao, Richard Y},
doi = {10.1038/sj.cr.7290370},
file = {:Users/perry/Dropbox/articles/hiv\_aux\_proteins.pdf:pdf},
issn = {1001-0602},
journal = {Cell research},
keywords = {HIV Infections,HIV Infections: metabolism,HIV Infections: virology,HIV-1,HIV-1: pathogenicity,Humans,Viral Proteins,Viral Proteins: physiology},
number = {11-12},
pages = {923--34},
pmid = {16354571},
title = {{Roles of HIV-1 auxiliary proteins in viral pathogenesis and host-pathogen interactions.}},
url = {http://www.ncbi.nlm.nih.gov/pubmed/16354571},
volume = {15},
year = {2005}
}
@article{cmarko02,
author = {Cmarko, Dusan and Scassellati, Catia and Szilvay, Anne Marie and Davanger, Svend and Fu, Xiang-dong and Haukenes, Gunnar and Kalland, Karl-henning and Fakan, Stanislav},
doi = {10.1128/JVI.76.20.10473},
file = {:Users/perry/Dropbox/articles/rev\_crm1.pdf:pdf},
journal = {Society},
number = {20},
pages = {10473--10484},
title = {{Rev Inhibition Strongly Affects Intracellular Distribution of Human Immunodeficiency Virus Type 1 RNAs}},
volume = {76},
year = {2002}
}

@article{sherman03,
author = {Sherman, Michael P and Noronha, Carlos M C De and Eckstein, Lauren A and Hataye, Jason and Mundt, Pamela and Williams, Samuel A F and Neidleman, Jason A and Goldsmith, Mark A and Greene, Warner C},
doi = {10.1128/JVI.77.13.7582},
file = {:Users/perry/Dropbox/articles/vpr\_crm1.pdf:pdf},
journal = {Society},
number = {13},
pages = {7582--7589},
title = {{Nuclear Export of Vpr Is Required for Efficient Replication of Human Immunodeficiency Virus Type 1 in Tissue Macrophages}},
volume = {77},
year = {2003}
}

@article{apcher03,
  title={{Human immunodeficiency virus-1 Tat protein interacts with distinct proteasomal $\alpha$ and $\beta$ subunits}},
  author={Apcher, G.S. and Heink, S. and Zantopf, D. and Kloetzel, P.M. and Schmid, H.P. and Mayer, R.J. and Kr\"{u}ger, E.},
  journal={FEBS letters},
  volume={553},
  number={1-2},
  pages={200--204},
  year={2003},
  publisher={Elsevier}
}

@article{strack00,
author = {Strack, B and Calistri, a and Accola, M a and Palu, G and Gottlinger, H G},
doi = {10.1073/pnas.97.24.13063},
file = {:Users/perry/Dropbox/articles/gag\_nedd4.pdf:pdf},
issn = {0027-8424},
journal = {PNAS},
keywords = {Amino Acid Sequence,Avian Sarcoma Viruses,Avian Sarcoma Viruses: physiology,Conserved Sequence,Ebolavirus,Ebolavirus: physiology,Gene Products, gag,Gene Products, gag: chemistry,Gene Products, gag: metabolism,HIV-1,HIV-1: physiology,Hela Cells,Humans,Ligases,Ligases: metabolism,Molecular Sequence Data,Recombinant Proteins,Recombinant Proteins: metabolism,Sequence Alignment,Sequence Homology, Amino Acid,Transfection,Ubiquitin-Protein Ligases,Ubiquitins,Ubiquitins: metabolism,Virion,Virion: physiology,Virus Replication,Virus Replication: physiology,gag,hiv,nedd4},
mendeley-tags = {gag,hiv,nedd4},
month = {November},
number = {24},
pages = {13063--8},
pmid = {11087860},
title = {{A role for ubiquitin ligase recruitment in retrovirus release.}},
url = {http://www.ncbi.nlm.nih.gov/pubmed/11087860},
volume = {97},
year = {2000}
}

@article{Dang08,
author = {Dang, Ying and Siew, Lai Mun and Zheng, Yong-Hui},
doi = {10.1074/jbc.M708728200},
file = {:Users/perry/Dropbox/articles/vif\_apobec3g\_ubiquitin.pdf:pdf},
issn = {0021-9258},
journal = {The Journal of biological chemistry},
keywords = {Amino Acid Sequence,Cell Line,Cullin Proteins,Cullin Proteins: metabolism,Cytidine Deaminase,Cytidine Deaminase: chemistry,Cytidine Deaminase: genetics,Cytidine Deaminase: metabolism,HIV-1,HIV-1: genetics,HIV-1: metabolism,Humans,Molecular Sequence Data,Mutation,Mutation: genetics,Proteasome Endopeptidase Complex,Proteasome Endopeptidase Complex: metabolism,Substrate Specificity,Ubiquitination,vif Gene Products, Human Immunodeficiency Virus,vif Gene Products, Human Immunodeficiency Virus: genetics,vif Gene Products, Human Immunodeficiency Virus: metabolism},
number = {19},
pages = {13124--31},
pmid = {18326044},
title = {{APOBEC3G is degraded by the proteasomal pathway in a Vif-dependent manner without being polyubiquitylated.}},
url = {http://www.ncbi.nlm.nih.gov/pubmed/18326044},
volume = {283},
year = {2008}
}

@article{izumi09,
annote = {MDM2 is a novel E3 ligase for Vif which induces the poly- ubiquitination and degradation of Vif to negatively regu- late HIV-1 replication.},
author = {Izumi, Taisuke and Takaori-Kondo, Akifumi and Shirakawa, Kotaro and Higashitsuji, Hiroaki and Itoh, Katsuhiko and Io, Katsuhiro and Matsui, Masashi and Iwai, Kazuhiro and Kondoh, Hiroshi and Sato, Toshihiro and Tomonaga, Mitsunori and Ikeda, Satoru and Akari, Hirofumi and Koyanagi, Yoshio and Fujita, Jun and Uchiyama, Takashi},
doi = {10.1186/1742-4690-6-1},
file = {:Users/perry/Dropbox/articles/vif\_mdm2.pdf:pdf},
issn = {1742-4690},
journal = {Retrovirology},
keywords = {Cell Line,Cytidine Deaminase,Cytidine Deaminase: analysis,Cytosol,Cytosol: chemistry,HIV-1,HIV-1: physiology,Humans,Protein Binding,Ubiquitin-Protein Ligases,Ubiquitin-Protein Ligases: metabolism,Virus Replication,mdm2,ubiquitin,vif,vif Gene Products, Human Immunodeficiency Virus,vif Gene Products, Human Immunodeficiency Virus: m},
mendeley-tags = {mdm2,ubiquitin,vif},
pages = {1},
pmid = {19128510},
title = {{MDM2 is a novel E3 ligase for HIV-1 Vif.}},
url = {http://www.ncbi.nlm.nih.gov/pubmed/19128510},
volume = {6},
year = {2009}
}

@article{preller06,
  title={{CD26/DP IV in T cell activation and autoimmunity}},
  author={Preller, V. and Gerber, A. and Togni, M. and Wrenger, S. and Schraven, B. and Rocken, C. and Marguet, D. and Ansorge, S. and Brocke, S. and Reinhold, D.},
  journal={Advances in experimental medicine and biology},
  volume={575},
  pages={187},
  year={2006},
  publisher={Springer}
}

@article{lorey03,
  title={{Different modes of dipeptidyl peptidase IV (CD26) inhibition by oligopeptides derived from the N-terminus of HIV-1 Tat indicate at least two inhibitor binding sites}},
  author={Lorey, S. and Stockel-Maschek, A. and Faust, J. and Brandt, W. and Stiebitz, B. and Gorrell, M.D. and Kahne, T. and Mrestani-Klaus, C. and Wrenger, S. and Reinhold, D. and others},
  journal={European Journal of Biochemistry},
  volume={270},
  number={10},
  pages={2147--2156},
  year={2003},
  publisher={Berlin; New York: Published by Springer-Verlag on behalf of the Federation of European Biochemical Societies, 1967-2004.}
}

@article{otsuka05,
  title={{Interaction between the HCV NS3 protein and the host TBK1 protein leads to inhibition of cellular antiviral responses}},
  author={Otsuka, M. and Kato, N. and Moriyama, M. and Taniguchi, H. and Wang, Y. and Dharel, N. and Kawabe, T. and Omata, M.},
  journal={Hepatology},
  volume={41},
  number={5},
  pages={1004--1012},
  year={2005},
  publisher={Baltimore, MD: Williams \& Wilkins,[c1981-}
}

@article{doolittle2010structural,
  title={{Structural similarity-based predictions of protein interactions between HIV-1 and Homo sapiens}},
  author={Doolittle, J. and Gomez, S.},
  journal={Virology Journal},
  volume={7},
  number={1},
  pages={82},
  year={2010}
}

@article{mingyan09,
  title={{NF-B: The Inducible Factors of HIV-1 Transcription and their Inhibitors}},
  author={Mingyan, Y. and Xinyong, L. and De Clercq, E.},
  journal={Mini Reviews in Medicinal Chemistry},
  volume={9},
  number={1},
  pages={60--69},
  year={2009},
  publisher={Bentham Science Publishers}
}

@article{ashburner00,
  title={{Gene Ontology: tool for the unification of biology}},
  author={Ashburner, M. and Ball, C.A. and Blake, J.A. and Botstein, D. and Butler, H. and Cherry, J.M. and Davis, A.P. and Dolinski, K. and Dwight, S.S. and Eppig, J.T. and others},
  journal={Nature Genetics},
  volume={25},
  number={1},
  pages={25--29},
  year={2000}
}

@article{chatr08,
  title={{VirusMINT: a viral protein interaction database}},
  author={Chatr-aryamontri, A. and Ceol, A. and Peluso, D. and Nardozza, A. and Panni, S. and Sacco, F. and Tinti, M. and Smolyar, A. and Castagnoli, L. and Vidal, M. and others},
  journal={Nucleic Acids Research},
  year={2008},
  publisher={Oxford Univ Press}
}

@article{brown05,
  title={{Online predicted human interaction database}},
  author={Brown, K.R. and Jurisica, I.},
  journal={Bioinformatics},
  volume={21},
  number={9},
  pages={2076},
  year={2005},
  publisher={Oxford Univ Press}
}

@article{von07,
  title={{STRING 7--recent developments in the integration and prediction of protein interactions}},
  author={Von Mering, C. and Jensen, L.J. and Kuhn, M. and Chaffron, S. and Doerks, T. and Kruger, B. and Snel, B. and Bork, P.},
  journal={Nucleic Acids Research},
  volume={35},
  number={Database issue},
  pages={D358},
  year={2007},
  publisher={Oxford Univ Press}
}

@article{agarwal09,
    author = {Agarwal, S. and Deane, C.M. and Porter, M.A. and Jones, N.S.},
    title = {Revisiting Date and Party Hubs: Novel Approaches to Role Assignment in Protein Interaction Networks},
    year = {2010},
    journal={PLoS Computational Biology},
    publisher={Public Library of Science},
    volume={6},
    number={6},
    pages={e1000817}
}

@article{obayashi07,
  title={{COXPRESdb: a database of coexpressed gene networks in mammals}},
  author={Obayashi, T. and Hayashi, S. and Shibaoka, M. and Saeki, M. and Ohta, H. and Kinoshita, K.},
  journal={Nucleic Acids Research},
  year={2007},
  publisher={Oxford Univ Press}
}

@article{coller09,
  title={{RNA interference and single particle tracking analysis of hepatitis {C} virus endocytosis}},
  author={Coller, K.E. and Berger, K.L. and Heaton, N.S. and Cooper, J.D. and Yoon, R. and Randall, G.},
  year={2009},
  publisher={PLoS Pathogens},
  journal={PLoS Pathogens},
  volume={5},
  issue={12}
}

@article{yeung09,
  title={{A genome-wide short hairpin RNA screening of jurkat T-cells for human proteins contributing to productive HIV-1 replication}},
  author={Yeung, M.L. and Houzet, L. and Yedavalli, V.S.R.K. and Jeang, K.T.},
  journal={Journal of Biological Chemistry},
  volume={284},
  number={29},
  pages={19463},
  year={2009},
  publisher={American Society for Biochemistry and Molecular Biology}
}

@article{Li09,
  title={{A genome-wide genetic screen for host factors required for hepatitis C virus propagation}},
  author={Li, Q. and Brass, A.L. and Ng, A. and Hu, Z. and Xavier, R.J. and Liang, T.J. and Elledge, S.J.},
  journal={PNAS},
  volume={106},
  number={38},
  pages={16410},
  year={2009},
  publisher={National Acad Sciences}
}

@article{barret07,
   Author = {Barrett, T. and Troup, D. B. and Wilhite, S. E. and Ledoux, P. and Rudnev, D. and Evangelista, C. and Kim, I. F. and Soboleva, A. and Tomashevsky, M. and Edgar, R.},
   Title = {NCBI GEO: mining tens of millions of expression profiles--database and tools update},
   Journal = {Nucleic Acids Research},
   Volume = {35},
   Number = {Database issue},
   Pages = {D760},
      Year = {2007} }

@article{batada06,
   Author = {Batada, N. N. and Reguly, T. and Breitkreutz, A. and Boucher, L. and Breitkreutz, B. J. and Hurst, L. D. and Tyers, M.},
   Title = {Stratus not altocumulus: a new view of the yeast protein interaction network},
   Journal = {PLoS Biology},
   Volume = {4},
   Number = {10},
   Pages = {e317},
      Year = {2006} }

@article{batada07,
   Author = {Batada, N. N. and Reguly, T. and Breitkreutz, A. and Boucher, L. and Breitkreutz, B. J. and Hurst, L. D. and Tyers, M.},
   Title = {Still stratus not altocumulus: further evidence against the date/party hub distinction},
   Journal = {PLoS Biology},
   Volume = {5},
   Number = {6},
   Pages = {e154},
      Year = {2007} }

@article{bertin07,
   Author = {Bertin, N. and Simonis, N. and Dupuy, D. and Cusick, M. E. and Han, J. D. J. and Fraser, H. B. and Roth, F. P. and Vidal, M.},
   Title = {Confirmation of organized modularity in the yeast interactome},
   Journal = {PLoS Biology},
   Volume = {5},
   Number = {6},
   Year = {2007} }

@article{taylor09,
  title={{Dynamic modularity in protein interaction networks predicts breast cancer outcome}},
  author={Taylor, I.W. and Linding, R. and Warde-Farley, D. and Liu, Y. and Pesquita, C. and Faria, D. and Bull, S. and Pawson, T. and Morris, Q. and Wrana, J.L.},
  journal={Nature Biotechnology},
  volume={27},
  pages={199--204},
  year={2009}
}

@article{breitkreutz07,
   Author = {Breitkreutz, B. J. and Stark, C. and Reguly, T. and Boucher, L. and Breitkreutz, A. and Livstone, M. and Oughtred, R. and Lackner, D. H. and Bahler, J. and Wood, V.},
   Title = {The BioGRID interaction database: 2008 update},
   Journal = {Nucleic Acids Research},
   Year = {2007} }

@article{calderwood07,
   Author = {Calderwood, M. A. and Venkatesan, K. and Xing, L. and Chase, M. R. and Vazquez, A. and Holthaus, A. M. and Ewence, A. E. and Li, N. and Hirozane-Kishikawa, T. and Hill, D. E.},
   Title = {Epstein-{B}arr virus and virus human protein interaction maps},
   Journal = {PNAS},
   Volume = {104},
   Number = {18},
   Pages = {7606},
      Year = {2007} }

@article{dai05,
   Author = {Dai, M. and Wang, P. and Boyd, A. D. and Kostov, G. and Athey, B. and Jones, E. G. and Bunney, W. E. and Myers, R. M. and Speed, T. P. and Akil, H.},
   Title = {Evolving gene/transcript definitions significantly alter the interpretation of GeneChip data},
   Journal = {Nucleic Acids Research},
   Volume = {33},
   Number = {20},
   Pages = {e175},
      Year = {2005} }

@article{dechassey08,
   Author = {De Chassey, B. and Navratil, V. and Tafforeau, L. and Hiet, M. S. and Aublin-Gex, A. and Agaugu\`{e}, S. and Meiffren, G. and Pradezynski, F. and Faria, B. F. and Chantier, T.},
   Title = {Hepatitis C virus infection protein network},
   Journal = {Molecular Systems Biology},
   Volume = {4},
   Number = {1},
      Year = {2008} }

@article{deluca06,
   Author = {DeLuca, T. F. and Wu, I. and Pu, J. and Monaghan, T. and Peshkin, L. and Singh, S. and Wall, D. P.},
   Title = {Roundup: a multi-genome repository of orthologs and evolutionary distances},
   Journal = {Bioinformatics},
   Volume = {22},
   Number = {16},
   Pages = {2044},
      Year = {2006} }

@article{dyer08,
   Author = {Dyer, M. D. and Murali, T. M. and Sobral, B. W.},
   Title = {The landscape of human proteins interacting with viruses and other pathogens},
   Journal = {PLoS Pathogens},
   Volume = {4},
   Number = {2},
   Pages = {e32},
      Year = {2008} }

@article{ertel08,
   Author = {Ertel, A. and Tozeren, A.},
   Title = {Switch-like genes populate cell communication pathways and are enriched for extracellular proteins},
   Journal = {BMC Genomics},
   Volume = {9},
   Number = {1},
   Pages = {3},
      Year = {2008} }

@inproceedings{fox09,
   Author = {Fox, A. and Taylor, D. and Slonim, D. K.},
   Title = {High throughput interaction data reveals degree conservation of hub proteins},
   Pages = {391},
   booktitle  = {Pacific Symposium on Biocomputing. Pacific Symposium on Biocomputing},
      Year = {2009} }

@article{fu09,
   Author = {Fu, W. and Sanders-Beer, B. E. and Katz, K. S. and Maglott, D. R. and Pruitt, K. D. and Ptak, R. G.},
   Title = {Human immunodeficiency virus type 1, human protein interaction database at {NCBI}},
   Journal = {Nucleic Acids Research},
   Volume = {37},
   Number = {Database issue},
   Pages = {D417},
      Year = {2009} }

@article{kanehisa08,
   Author = {Kanehisa, M. and Araki, M. and Goto, S. and Hattori, M. and Hirakawa, M. and Itoh, M. and Katayama, T. and Kawashima, S. and Okuda, S. and Tokimatsu, T.},
   Title = {{KEGG} for linking genomes to life and the environment},
   Journal = {Nucleic Acids Research},
   Volume = {36},
   Number = {Database issue},
   Pages = {D480},
      Year = {2008} }

@article{katz06,
   Author = {Katz, S. and Irizarry, R. A. and Lin, X. and Tripputi, M. and Porter, M. W.},
   Title = {A summarization approach for Affymetrix GeneChip data using a reference training set from a large, biologically diverse database},
   Journal = {BMC bioinformatics},
   Volume = {7},
   Number = {1},
   Pages = {464},
      Year = {2006} }

@article{bu06,
   Author = {Lu, X. and Zhang, X.},
   Title = {The effect of GeneChip gene definitions on the microarray study of cancers},
   Journal = {Bioessays},
   Volume = {28},
   Number = {7},
      Year = {2006} }

@article{sandberg07,
   Author = {Sandberg, R. and Larsson, O.},
   Title = {Improved precision and accuracy for microarrays using updated probe set definitions},
   Journal = {BMC bioinformatics},
   Volume = {8},
   Number = {1},
   Pages = {48},
      Year = {2007} }

@article{vastrik09,
   Author = {Vastrik, I. and D'Eustachio, P. and Schmidt, E. and Gopinath, G. and Croft, D. and de Bono, B. and Gillespie, M. and Jassal, B. and Lewis, S. and Matthews, L.},
   Title = {Correction: Reactome: a knowledge base of biologic pathways and processes},
   Journal = {Genome Biology},
   Volume = {10},
   Number = {2},
   Pages = {402},
      Year = {2009} }

%%%% From PloS ONE article

Ôªø@article{via09,
   Author = {Via, A. and Gould, C. M. and Gemund, C. and Gibson, T. J. and Helmer-Citterich, M.},
   Title = {A structure filter for the Eukaryotic Linear Motif Resource},
   Journal = {BMC bioinformatics},
   Volume = {10},
   Number = {1},
   Pages = {351},
      Year = {2009} }

@article{pan09,
   Author = {Pan, C. and Olsen, J. V. and Daub, H. and Mann, M.},
   Title = {Global effects of kinase inhibitors on signaling networks revealed by quantitative phosphoproteomics},
   Journal = {Molecular \& Cellular Proteomics},
   Pages = {M900285},
      Year = {2009} }

@article{fulton09,
   Author = {Fulton, D. and Sundararajan, S. and Badis, G. and Hughes, T. and Wasserman, W. and Roach, J. and Sladek, R.},
   Title = {TFCat: the curated catalog of mouse and human transcription factors},
   Journal = {Genome Biology},
   Volume = {10},
   Number = {3},
   Pages = {R29},
      Year = {2009} }

@article{evans09,
   Author = {Evans, P. and Dampier, W. and Ungar, L. and Tozeren, A.},
   Title = {Prediction of {HIV}-1 virus-host protein interactions using virus and host sequence motifs},
   Journal = {BMC Medical Genomics},
   Volume = {2},
   Number = {1},
   Pages = {27},
      Year = {2009} }

@article{dampier09,
   Author = {Dampier, William and Evans, Perry and Ungar, Lyle and Tozeren, Aydin},
   Title = {Host sequence motifs shared by {HIV} predict response to antiretroviral therapy},
   Journal = {BMC Medical Genomics},
   Volume = {2},
   Number = {1},
   Pages = {47},
         Year = {2009} }

@article{burkhard09,
   Author = {Burkhard, K. and Smith, S. and Deshmukh, R. and MacKerell Jr, A. D. and Shapiro, P.},
   Title = {Development of Extracellular Signal-Regulated Kinase Inhibitors},
   Journal = {Current Topics in Medicinal Chemistry},
   Volume = {9},
   Number = {8},
   Pages = {678-689},
      Year = {2009} }

@article{bhatia09,
   Author = {Bhatia, A. K. and Kaushik, R. and Campbell, N. A. and Pontow, S. E. and Ratner, L.},
   Title = {Mutation of critical serine residues in HIV-1 matrix result in an envelope incorporation defect which can be rescued by truncation of the gp41 cytoplasmic tail},
   Journal = {Virology},
   Volume = {384},
   Number = {1},
   Pages = {233-241},
      Year = {2009} }

@article{bardwell09,
   Author = {Bardwell, A. J. and Frankson, E. and Bardwell, L.},
   Title = {Selectivity of docking sites in {MAPK} kinases},
   Journal = {Journal of Biological Chemistry},
   Volume = {284},
   Number = {19},
   Pages = {13165},
      Year = {2009} }

@article{vanduyne08,
   Author = {Van Duyne, R. and Cardenas, J. and Easley, R. and Wu, W. and Kehn-Hall, K. and Klase, Z. and Mendez, S. and Zeng, C. and Chen, H. and Saifuddin, M.},
   Title = {Effect of transcription peptide inhibitors on HIV-1 replication},
   Journal = {Virology},
      Year = {2008} }



@article{taylor08,
   Author = {Taylor, B. S. and Sobieszczyk, M. E. and McCutchan, F. E. and Hammer, S. M.},
   Title = {The challenge of {HIV}-1 subtype diversity},
   Journal = {New England Journal of Medicine},
   Volume = {358},
   Number = {15},
   Pages = {1590},
      Year = {2008} }

@article{sacan08,
   Author = {Sacan, A. and Toroslu, I. H. and Ferhatosmanoglu, H.},
   Title = {Integrated search and alignment of protein structures},
   Journal = {Bioinformatics},
   Volume = {24},
   Number = {24},
   Pages = {2872},
      Year = {2008} }

@article{kinoshita08,
   Author = {Kinoshita, T. and Yoshida, I. and Nakae, S. and Okita, K. and Gouda, M. and Matsubara, M. and Yokota, K. and Ishiguro, H. and Tada, T.},
   Title = {{Crystal structure of human mono-phosphorylated ERK1 at Tyr204}},
   Journal = {Biochemical and Biophysical Research Communications},
   Volume = {377},
   Number = {4},
   Pages = {1123-1127},
      Year = {2008} }

@article{finn08,
   Author = {Finn, Robert D. and Tate, John and Mistry, Jaina and Coggill, Penny C. and Sammut, Stephen John and Hotz, Hans-Rudolf and Ceric, Goran and Forslund, Kristoffer and Eddy, Sean R. and Sonnhammer, Erik L. L. and Bateman, Alex},
   Title = {The {P}fam protein families database},
   Journal = {Nucleic Acids Research},
   Volume = {36},
   Pages = {D281--288},
         Year = {2008} }

@article{barraud08,
   Author = {Barraud, P. and Paillart, J. C. and Marquet, R. and Tisne, C.},
   Title = {Advances in the structural understanding of {V}if proteins},
   Journal = {Current HIV Research},
   Volume = {6},
   Number = {2},
   Pages = {91-9},
      Year = {2008} }

@article{baeten07,
   Author = {Baeten, J. M. and Chohan, B. and Lavreys, L. and Chohan, V. and McClelland, R. S. and Certain, L. and Mandaliya, K. and Jaoko, W. and Overbaugh, J.},
   Title = {HIV-1 subtype D infection is associated with faster disease progression than subtype A in spite of similar plasma HIV-1 loads},
   Journal = {The Journal of infectious diseases},
   Volume = {195},
   Number = {8},
   Pages = {1177-1180},
      Year = {2007} }

@article{akella07,
   Author = {Akella, R. and Moon, T. M. and Goldsmith, E. J.},
   Title = {Unique MAP kinase binding sites},
   Journal = {BBA-Proteins and Proteomics},
      Year = {2007} }

@article{zhou06,
   Author = {Zhou, T. and Sun, L. and Humphreys, J. and Goldsmith, E. J.},
   Title = {Docking interactions induce exposure of activation loop in the {MAP} kinase{ ERK2}},
   Journal = {Structure},
   Volume = {14},
   Number = {6},
   Pages = {1011--1019},
      Year = {2006} }

@article{toschi06,
   Author = {Toschi, E. and Bacigalupo, I. and Strippoli, R. and Chiozzini, C. and Cereseto, A. and Falchi, M. and Nappi, F. and Sgadari, C. and Barillari, G. and Mainiero, F.},
   Title = {{HIV-1 Tat regulates endothelial cell cycle progression via activation of the Ras/ERK MAPK signaling pathway}},
   Journal = {Molecular Biology of the Cell},
   Volume = {17},
   Number = {4},
   Pages = {1985},
      Year = {2006} }

@article{remenyi06,
   Author = {Rem√©nyi, A. and Good, M. C. and Lim, W. A.},
   Title = {Docking interactions in protein kinase and phosphatase networks},
   Journal = {Current Opinion in Structural Biology},
   Volume = {16},
   Number = {6},
   Pages = {676-685},
      Year = {2006} }

@article{pruitt06,
   Author = {Pruitt, K. D. and Tatusova, T. and Maglott, D. R.},
   Title = {{NCBI reference sequences (RefSeq): a curated non-redundant sequence database of genomes, transcripts and proteins}},
   Journal = {Nucleic Acids Research},
      Year = {2006} }

@article{liu06,
  title={{Structural basis of docking interactions between ERK2 and MAP kinase phosphatase 3}},
  author={LIU, S. and SUN, J.P. and ZHOU, BO and ZHANG, Z.Y.},
  journal={PNAS},
  volume={103},
  number={14},
  pages={5326--5331},
  year={2006},
  publisher={National Academy of Sciences of the United States of America}
}

@article{lee06,
   Author = {Lee, T. Y. and Huang, H. D. and Hung, J. H. and Huang, H. Y. and Yang, Y. S. and Wang, T. H.},
   Title = {{dbPTM}: an information repository of protein post-translational modification},
   Journal = {Nucleic Acids Research},
   Volume = {34},
   Number = {Database Issue},
   Pages = {D622},
      Year = {2006} }

@article{hemelarr06,
   Author = {Hemelaar, J. and Gouws, E. and Ghys, P. D. and Osmanov, S.},
   Title = {Global and regional distribution of {HIV}-1 genetic subtypes and recombinants in 2004},
   Journal = {Aids},
   Volume = {20},
   Number = {16},
   Pages = {W13},
      Year = {2006} }

@article{hancock06,
   Author = {Hancock, C. N. and Macias, A. T. and Mackerell Jr, A. D. and Shapiro, P.},
   Title = {Mitogen activated protein ({MAP}) kinases: development of {ATP} and non-{ATP} dependent inhibitors},
   Journal = {Medicinal chemistry (Sh riqah (United Arab Emirates))},
   Volume = {2},
   Number = {2},
   Pages = {213},
      Year = {2006} }

@article{bardwell06,
   Author = {Bardwell, L.},
   Title = {Mechanisms of {MAPK} signalling specificity},
   Journal = {Biochemical Society Transactions},
   Volume = {34},
   Pages = {837-841},
      Year = {2006} }

@article{ohori05,
   Author = {Ohori, M. and Kinoshita, T. and Okubo, M. and Sato, K. and Yamazaki, A. and Arakawa, H. and Nishimura, S. and Inamura, N. and Nakajima, H. and Neya, M.},
   Title = {Identification of a selective {ERK} inhibitor and structural determination of the inhibitor-{ERK}2 complex},
   Journal = {Biochemical and Biophysical Research Communications},
   Volume = {336},
   Number = {1},
   Pages = {357-363},
      Year = {2005} }

@article{zhang04,
   Author = {Zhang, Y. and Skolnick, J.},
   Title = {Scoring function for automated assessment of protein structure template quality},
   Journal = {Proteins: Structure, Function, and Bioinformatics},
   Volume = {57},
   Number = {4},
      Year = {2004} }

@article{puntervoll03,
   Author = {Puntervoll, P. and Linding, R. and Gem√ºnd, C. and Chabanis-Davidson, S. and Mattingsdal, M. and Cameron, S. and Martin, D. M. A. and Ausiello, G. and Brannetti, B. and Costantini, A.},
   Title = {{ELM} server: a new resource for investigating short functional sites in modular eukaryotic proteins},
   Journal = {Nucleic Acids Research},
   Volume = {31},
   Number = {13},
   Pages = {3625-3630},
      Year = {2003} }

@article{lin03,
   Author = {Lin, H. Y. and Zhang, S. L. and West, B. L. and Tang, H. Y. and Passaretti, T. and Davis, F. B. and Davis, P. J.},
   Title = {Identification of the Putative {MAP} Kinase Docking Site in the Thyroid Hormone Receptor-beta 1 {DNA}-Binding Domain: Functional Consequences of Mutations at the Docking Site},
   Journal = {Biochemistry},
   Volume = {42},
   Number = {24},
   Pages = {7571-7579},
      Year = {2003} }

@article{deeks03,
   Author = {Deeks, S. G.},
   Title = {Treatment of antiretroviral-drug-resistant {HIV}-1 infection},
   Journal = {The Lancet},
   Volume = {362},
   Number = {9400},
   Pages = {2002-2011},
      Year = {2003} }

@article{chen03,
   Author = {Chen, R. and Li, L. and Weng, Z.},
   Title = {{ZDOCK}: an initial-stage protein-docking algorithm},
   Journal = {Proteins Structure Function and Genetics},
   Volume = {52},
   Number = {1},
   Pages = {80-87},
      Year = {2003} }

@article{schrager02,
   Author = {Schrager, J. A. and Der Minassian, V. and Marsh, J. W.},
   Title = {{HIV Nef increases T cell ERK MAP kinase activity}},
   Journal = {Journal of Biological Chemistry},
   Volume = {277},
   Number = {8},
   Pages = {6137},
      Year = {2002} }

@article{manning02,
   Author = {Manning, G. and Whyte, D. B. and Martinez, R. and Hunter, T. and Sudarsanam, S.},
   Title = {The protein kinase complement of the human genome},
   Journal = {Science},
   Volume = {298},
   Number = {5600},
   Pages = {1912},
      Year = {2002} }

@article{berman02,
   Author = {Berman, H. M. and Battistuz, T. and Bhat, T. N. and Bluhm, W. F. and Bourne, P. E. and Burkhardt, K. and Feng, Z. and Gilliland, G. L. and Iype, L. and Jain, S.},
   Title = {The protein data bank},
   Journal = {Acta Crystallographica Section D: Biological Crystallography},
   Volume = {58},
   Number = {6},
   Pages = {899-907},
      Year = {2002} }

@article{tanoue01,
   Author = {Tanoue, T. and Maeda, R. and Adachi, M. and Nishida, E.},
   Title = {Identification of a docking groove on ERK and p38 MAP kinases that regulates the specificity of docking interactions},
   Journal = {The EMBO Journal},
   Volume = {20},
   Number = {3},
   Pages = {466-479},
      Year = {2001} }

@article{cobb00,
   Author = {Cobb, M. H. and Goldsmith, E. J.},
   Title = {Dimerization in MAP-kinase signaling},
   Journal = {Trends in Biochemical Sciences},
   Volume = {25},
   Number = {1},
   Pages = {7-9},
      Year = {2000} }

@article{yang99,
  title={{Regulation of human immunodeficiency virus type 1 infectivity by the ERK mitogen-activated protein kinase signaling pathway}},
  author={Yang, X. and Gabuzda, D.},
  journal={Journal of Virology},
  volume={73},
  number={4},
  pages={3460},
  year={1999},
  publisher={Am Soc Microbiol}
}

@article{yang98,
   Author = {Yang, X. and Gabuzda, D.},
   Title = {Mitogen-activated protein kinase phosphorylates and regulates the {HIV}-1 {V}if protein},
   Journal = {Journal of Biological Chemistry},
   Volume = {273},
   Number = {45},
   Pages = {29879-29887},
      Year = {1998} }

@article{greenway96,
   Author = {Greenway, A. and Azad, A. and Mills, J. and McPhee, D.},
   Title = {Human immunodeficiency virus type 1 {N}ef binds directly to {L}ck and mitogen-activated protein kinase, inhibiting kinase activity},
   Journal = {The Journal of Virology},
   Volume = {70},
   Number = {10},
   Pages = {6701},
      Year = {1996} }

@misc{bukrinskaya96,
   Author = {Bukrinskaya, A. G. and Ghorpade, A. and Heinzinger, N. K. and Smithgall, T. E. and Lewis, R. E. and Stevenson, M.},
   Title = {Phosphorylation-dependent human immunodeficiency virus type 1 infection and nuclear targeting of viral {DNA}},
   Publisher = {National Acad Sciences},
   journal={PNAS},
   Volume = {93},
   Number = {1},
   Pages = {367-371},
         Year = {1996} }

@article{altschul90,
   Author = {Altschul, S. F. and Gish, W. and Miller, W. and Myers, E. W. and Lipman, D. J.},
   Title = {Basic local alignment search tool},
   Journal = {Journal of Molecular Biology},
   Volume = {215},
   Number = {3},
   Pages = {403-410},
      Year = {1990} }

% Article within a journal
@ARTICLE{koon,
	author  = {Koonin, E V and Altschul, S F and P Bork}, 
	title   = {BRCA1 protein products: functional motifs}, 
	journal = {Nat Genet}, 
	year    = {1996},
	volume  = {13}, 
	pages   = {266-267}
}	

% Article within a journal supplement
@ARTICLE{oreg,
	author  = {Orengo, C A and Bray, J E and Hubbard, 
		   T and LoConte, L and Sillitoe, I}, 
	title   = {Analysis and assessment of ab initio 
		   three-dimensional prediction, secondary 
		   structure, and contacts prediction},
	journal = {Proteins}, 
	year    = {1999},
	volume  = {Suppl 3}, 
	pages   = {149-170}
}	

%%% from medical genomics

@article{zhou08,
   Author = {Zhou, H. and Xu, M. and Huang, Q. and Gates, A. T. and Zhang, X. D. and Castle, J. C. and Stec, E. and Ferrer, M. and Strulovici, B. and Hazuda, D. J.},
   Title = {Genome-Scale {RNA}i Screen for Host Factors Required for
                  {HIV} Replication},
   Journal = {Cell Host \& Microbe},
   Volume = {4},
   Number = {5},
   Pages = {495--504},
      Year = {2008} }

@article{tonikian08,
   Author = {Tonikian, R. and Zhang, Y. and Sazinsky, S. L. and Currell, B. and Yeh, J. H. and Reva, B. and Held, H. A. and Appleton, B. A. and Evangelista, M. and Wu, Y.},
   Title = {A Specificity Map for the {PDZ} Domain Family},
   Journal = {PLoS Biology},
   Volume = {6},
   Number = {9},
   Pages = {e239},
      Year = {2008} }

@article{shelton08,
   Author = {Shelton, H. and Harris, M.},
   Title = {{Hepatitis C virus NS5 A protein binds the SH3 domain of the Fyn tyrosine kinase with high affinity: mutagenic analysis of residues within the SH 3 domain that contribute to the interaction}},
   Journal = {Virology Journal},
   Volume = {5},
   Number = {1},
   Pages = {24},
      Year = {2008} }

@article{ptak08,
   Author = {Ptak, R. G. and Fu, W. and Sanders-Beer, B. E. and Dickerson, J. E. and Pinney, J. W. and Robertson, D. L. and Rozanov, M. N. and Katz, K. S. and Maglott, D. R. and Pruitt, K. D.},
   Title = {Cataloguing the {HIV} Type 1 Human Protein Interaction Network},
   Journal = {AIDS Research and Human Retroviruses},
   Volume = {24},
   Number = {12},
   Pages = {1497-1502},
      Year = {2008} }

@article{patel08,
   Author = {Patel, P. and Hanson, D. L. and Sullivan, P. S. and Novak, R. M. and Moorman, A. C. and Tong, T. C. and Holmberg, S. D. and Brooks, J. T.},
   Title = {Incidence of Types of Cancer among {HIV}-Infected Persons Compared with the General Population in the United States, 1992-2003},
   Journal = {Annals of Internal Medicine},
   Volume = {148},
   Number = {10},
   Pages = {728},
      Year = {2008} }

@article{konig08,
   Author = {K\"{o}nig, R. and Zhou, Y. and Elleder, D. and Diamond, T. L. and Bonamy, G. M. C. and Irelan, J. T. and Chiang, C. and Tu, B. P. and De Jesus, P. D. and Lilley, C. E.},
   Title = {Global Analysis of Host-Pathogen Interactions that Regulate Early-Stage {HIV}-1 Replication},
   Journal = {Cell},
   Volume = {135},
   Number = {1},
   Pages = {49-60},
      Year = {2008} }

@article{kadaveru08,
   Author = {Kadaveru, K. and Vyas, J. and Schiller, M. R.},
   Title = {Viral infection and human disease-insights from minimotifs},
   Journal = {Frontiers in Bioscience},
   Volume = {13},
   Pages = {6455-71},
      Year = {2008} }

@article{hulo08,
   Author = {Hulo, N. and Bairoch, A. and Bulliard, V. and Cerutti, L. and Cuche, B. A. and de Castro, E. and Lachaize, C. and Langendijk-Genevaux, P. S. and Sigrist, C. J. A.},
   Title = {The 20 years of {PROSITE}},
   Journal = {Nucleic Acids Research},
   Volume = {36},
   Number = {Database issue},
   Pages = {D245},
      Year = {2008} }

@Comment @article{
@Comment    Author = {Ferrando, S. J.},
@Comment    Title = {Treatment of depression in HIV positive individuals: A critical review},
@Comment    Journal = {International Review of Psychiatry},
@Comment    Volume = {20},
@Comment    Number = {1},
@Comment    Pages = {61-71},
@Comment       Year = {2008} }

@article{deilla08,
   Author = {Diella, F. and Haslam, N. and Chica, C. and Budd, A. and Michael, S. and Brown, N. P. and Trave, G. and Gibson, T. J.},
   Title = {Understanding eukaryotic linear motifs and their role in cell signaling and regulation},
   Journal = {Front Biosci},
   Volume = {13},
   Pages = {6580‚Äì6603},
      Year = {2008} }

@article{brown08,
   Author = {Brown, J. N. and Kohler, J. J. and Coberley, C. R. and Sleasman, J. W. and Goodenow, M. M.},
   Title = {{HIV}-1 activates macrophages independent of Toll-like receptors},
   Journal = {PLoS ONE},
   Volume = {3},
   Number = {12},
   Pages = {e3664},
      Year = {2008} }

@article{brass08,
   Author = {Brass, A. L. and Dykxhoorn, D. M. and Benita, Y. and Yan, N. and Engelman, A. and Xavier, R. J. and Lieberman, J. and Elledge, S. J.},
   Title = {Identification of Host Proteins Required for {HIV} Infection Through a Functional Genomic Screen},
   Journal = {Science},
   Volume = {319},
   Number = {5865},
   Pages = {921},
      Year = {2008} }

@article{panos07,
   Author = {Panos, G. Z. and Xirouchakis, E. and Tzias, V. and Charatsis, G. and Bliziotis, I. A. and Doulgeroglou, V. and Margetis, N. and Falagas, M. E.},
   Title = {Helicobacter Pylori Infection in Symptomatic {HIV}-Seropositive and-Seronegative Patients: A Case-Control Study},
   Journal = {AIDS Research and Human Retroviruses},
   Volume = {23},
   Number = {5},
   Pages = {709-712},
      Year = {2007} }

@article{lv07,
   Author = {Lv, W. and Liu, Z. and Jin, H. and Yu, X. and Zhang, L.},
   Title = {Three-dimensional structure of {HIV}-1 {Vif} constructed by comparative modeling and the function characterization analyzed by molecular dynamics simulation},
   Journal = {Organic \& Biomolecular Chemistry},
   Volume = {5},
   Number = {4},
   Pages = {617-626},
      Year = {2007} }

@article{kuntzen07,
   Author = {Kuntzen, T. and Timm, J. and Berical, A. and Lewis-Ximenez, L. L. and Jones, A. and Nolan, B. and zur Wiesch, J. S. and Li, B. and Schneidewind, A. and Kim, A. Y.},
   Title = {Viral Sequence Evolution in Acute Hepatitis C Virus Infection},
   Journal = {Journal of Virology},
   Volume = {81},
   Number = {21},
   Pages = {11658},
      Year = {2007} }

@article{holmes07,
   Author = {Holmes, E. C.},
   Title = {When {HIV} spread afar},
   Journal = {PNAS},
   Volume = {104},
   Number = {47},
   Pages = {18351},
      Year = {2007} }

@article{edwards07,
   Author = {Edwards, R. J. and Davey, N. E. and Shields, D. C.},
   Title = {{SLiMFinder}: a probabilistic method for identifying over-represented, convergently evolved, short linear motifs in proteins},
   Journal = {PLoS ONE},
   Volume = {2},
   Number = {10},
   Pages = {e967},
      Year = {2007} }

@article{dyer07,
   Author = {Dyer, M. D. and Murali, T. M. and Sobral, B. W.},
   Title = {Computational prediction of host-pathogen protein protein interactions},
   Journal = {Bioinformatics},
   Volume = {23},
   Number = {13},
   Pages = {i159},
      Year = {2007} }

@article{dinkel07,
   Author = {Dinkel, H. and Sticht, H.},
   Title = {A computational strategy for the prediction of functional linear peptide motifs in proteins},
   Journal = {Bioinformatics},
   Volume = {23},
   Number = {24},
   Pages = {3297},
      Year = {2007} }

@article{davis07,
   Author = {Davis, F. P. and Barkan, D. T. and Eswar, N. and McKerrow, J. H. and Sali, A.},
   Title = {Host pathogen protein interactions predicted by comparative modeling},
   Journal = {Protein Science},
   Volume = {16},
   Number = {12},
   Pages = {2585},
      Year = {2007} }

@article{dampier07,
   Author = {Dampier, W. and Tozeren, A.},
   Title = {Signaling perturbations induced by invading H. pylori proteins in the host epithelial cells: A mathematical modeling approach},
   Journal = {Journal of Theoretical Biology},
   Volume = {248},
   Number = {1},
   Pages = {130-144},
      Year = {2007} }

@article{byland07,
   Author = {Byland, R. and Vance, P. J. and Hoxie, J. A. and Marsh, M.},
   Title = {A conserved dileucine motif mediates clathrin and {AP}-2-dependent endocytosis of the {HIV}-1 envelope protein},
   Journal = {Molecular Biology of the Cell},
   Volume = {18},
   Number = {2},
   Pages = {414},
      Year = {2007} }

@article{tournier06,
   Author = {Tournier, J. N. and Quesnel-Hellmann, A.},
   Title = {Host-pathogen Interactions: A Biological Rendez-Vous of the Infectious Nonself and Danger Models},
   Journal = {PLoS Pathogens},
   Volume = {2},
   Number = {5},
   Pages = {e44},
      Year = {2006} }

@article{tan06,
   Author = {Tan, S. H. and Hugo, W. and Sung, W. K. and Ng, S. K.},
   Title = {A correlated motif approach for finding short linear motifs from protein interaction networks},
   Journal = {BMC Bioinformatics},
   Volume = {7},
   Pages = {502},
      Year = {2006} }

@article{roeth06,
   Author = {Roeth, J. F. and Collins, K. L.},
   Title = {Human Immunodeficiency Virus Type 1 {N}ef: Adapting to Intracellular Trafficking Pathways},
   Journal = {Microbiology and Molecular Biology Reviews},
   Volume = {70},
   Number = {2},
   Pages = {548},
      Year = {2006} }

@article{neduva06nuc,
   Author = {Neduva, V. and Russell, R. B.},
   Title = {{DILIMOT}: discovery of linear motifs in proteins},
   Journal = {Nucleic Acids Research},
   Volume = {34},
   Number = {Web Server issue},
   Pages = {W350},
      Year = {2006} }

@article{neduva06biotech,
   Author = {Neduva, V. and Russell, R. B.},
   Title = {Peptides mediating interaction networks: new leads at last},
   Journal = {Current Opinion in Biotechnology},
   Volume = {17},
   Number = {5},
   Pages = {465-471},
      Year = {2006} }

@article{mehle06,
   Author = {Mehle, A. and Thomas, E. R. and Rajendran, K. S. and Gabuzda, D.},
   Title = {A zinc-binding region in {V}if binds {C}ul5 and determines cullin selection},
   Journal = {Journal of Biological Chemistry},
   Volume = {281},
   Number = {25},
   Pages = {17259},
      Year = {2006} }

@article{evrard06,
   Author = {Evrard-Todeschi, N. and Gharbi-Benarous, J. and Bertho, G. and Coadou, G. and Megy, S. and Benarous, R. and Girault, J. P.},
   Title = {{NMR studies for identifying phosphopeptide ligands of the HIV-1 protein Vpu binding to the F-box protein beta-TrCP}},
   Journal = {Peptides},
   Volume = {27},
   Number = {1},
   Pages = {194},
      Year = {2006} }

@article{decastro06,
   Author = {de Castro, E. and Sigrist, C. J. A. and Gattiker, A. and Bulliard, V. and Langendijk-Genevaux, P. S. and Gasteiger, E. and Bairoch, A. and Hulo, N.},
   Title = {{S}can{P}rosite: detection of {PROSITE} signature matches and ProRule-associated functional and structural residues in proteins},
   Journal = {Nucleic Acids Research},
   Volume = {34},
   Number = {Web Server issue},
   Pages = {W362},
      Year = {2006} }

@article{coleman06,
   Author = {Coleman, S. H. and Madrid, R. and Van Damme, N. and Mitchell, R. S. and Bouchet, J. and Servant, C. and Pillai, S. and Benichou, S. and Guatelli, J. C.},
   Title = {Modulation of Cellular Protein Trafficking by Human Immunodeficiency Virus Type 1 {N}ef: Role of the Acidic Residue in the {E}xxx{LL} Motif},
   Journal = {Journal of Virology},
   Volume = {80},
   Number = {4},
   Pages = {1837-1849},
      Year = {2006} }

@article{bellizzi06,
   Author = {Bellizzi, M. J. and Lu, S. M. and Gelbard, H. A.},
   Title = {Protecting the Synapse: Evidence for a Rational Strategy to Treat HIV-1 Associated Neurologic Disease},
   Journal = {Journal of NeuroImmune Pharmacology},
   Volume = {1},
   Number = {1},
   Pages = {20-31},
      Year = {2006} }

@article{neduva05febs,
   Author = {Neduva, V. and Russell, R. B.},
   Title = {Linear motifs: Evolutionary interaction switches},
   Journal = {FEBS Letters},
   Volume = {579},
   Number = {15},
   Pages = {3342-3345},
      Year = {2005} }

@article{neduva05plos,
   Author = {Neduva, V. and Linding, R. and Su-Angrand, I. and Stark, A. and de Masi, F. and Gibson, T. J. and Lewis, J. and Serrano, L. and Russell, R. B.},
   Title = {Systematic Discovery of New Recognition Peptides Mediating Protein Interaction Networks},
   Journal = {PLoS BIOLOGY},
   Volume = {3},
   Number = {12},
   Pages = {2090},
      Year = {2005} }

@article{sodhi04,
   Author = {Sodhi, A. and Montaner, S. and Gutkind, J. S.},
   Title = {Viral hijacking of {G}-protein-coupled-receptor signalling networks},
   Journal = {Nature Reviews Molecular Cell Biology},
   Volume = {5},
   Number = {12},
   Pages = {998-1012},
      Year = {2004} }

@misc{peri03,
   Author = {Peri, S. and Navarro, J. D. and Amanchy, R. and Kristiansen, T. Z. and Jonnalagadda, C. K. and Surendranath, V. and Niranjan, V. and Muthusamy, B. and Gandhi, T. K. B. and Gronborg, M.},
   Title = {Development of Human Protein Reference Database as an Initial Platform for Approaching Systems Biology in Humans},
   Publisher = {Cold Spring Harbor Lab},
   Volume = {13},
   Number = {10},
   Pages = {2363-2371},
         Year = {2003} }

@article{morgan03,
   Author = {Morgan, J. R. and Prasad, K. and Jin, S. and Augustine, G. J. and Lafer, E. M.},
   Title = {Eps15 Homology Domain-{NPF} Motif Interactions Regulate Clathrin Coat Assembly during Synaptic Vesicle Recycling},
   Journal = {Journal of Biological Chemistry},
   Volume = {278},
   Number = {35},
   Pages = {33583-33592},
      Year = {2003} }

@article{dennis03,
   Author = {Dennis Jr, G. and Sherman, B. T. and Hosack, D. A. and Yang, J. and Gao, W. and Lane, H. C. and Lempicki, R. A.},
   Title = {{DAVID}: Database for Annotation, Visualization, and Integrated Discovery},
   Journal = {Genome Biology},
   Volume = {4},
   Number = {3},
   Pages = {2003-4},
      Year = {2003} }

@article{geyer01,
   Author = {Geyer, M. and Fackler, O. T. and Peterlin, B. M.},
   Title = {Structure--function relationships in HIV-1 Nef},
   Journal = {EMBO Rep},
   Volume = {2},
   Number = {7},
   Pages = {580-5},
      Year = {2001} }

@article{truant99,
   Author = {Truant, R. and Cullen, B. R.},
   Title = {{The arginine-rich domains present in human immunodeficiency virus type 1 Tat and Rev function as direct importin beta-dependent nuclear localization signals}},
   Journal = {Molecular and Cellular Biology},
   Volume = {19},
   Number = {2},
   Pages = {1210-7},
      Year = {1999} }

@article{ramakrishna99,
   Author = {Ramakrishna, B. S.},
   Title = {Prevalence of intestinal pathogens in {HIV} patients with diarrhea: Implications for treatment},
   Journal = {Indian Journal of Pediatrics},
   Volume = {66},
   Number = {1},
   Pages = {85-91},
      Year = {1999} }

@misc{panz99,
   Author = {Panz, V. R. and Joffe, B. I.},
   Title = {Impact of {HIV} infection and {AIDS} on prevalence of type 2 diabetes in {South Africa} in 2010},
   Publisher = {Br Med Assoc},
   Volume = {318},
   Number = {7194},
   Pages = {1351},
   Year = {1999} }

@article{ghosh2009cellular,
  title={{Cellular versus viral microRNAs in host-virus interaction}},
  author={Ghosh, Z. and Mallick, B. and Chakrabarti, J.},
  journal={Nucleic Acids Research},
  year={2009},
  publisher={Oxford Univ Press}
}

@article{driscoll2009pig,
  title={{PIG--the pathogen interaction gateway}},
  author={Driscoll, T. and Dyer, M.D. and Murali, TM and Sobral, B.W.},
  journal={Nucleic acids research},
  volume={37},
  number={Database issue},
  pages={D647},
  year={2009},
  publisher={Oxford Univ Press}
}

@article{konig2009human,
  title={{Human host factors required for influenza virus replication}},
  author={K\"{o}nig, R. and Stertz, S. and Zhou, Y. and Inoue, A. and Hoffmann, H.H. and Bhattacharyya, S. and Alamares, J.G. and Tscherne, D.M. and Ortigoza, M.B. and Liang, Y. and others},
  journal={Nature},
  volume={463},
  number={7282},
  pages={813--817},
  year={2009},
  publisher={Nature Publishing Group}
}

@article{shapira2009physical,
  title={{A physical and regulatory map of host-influenza interactions reveals pathways in H1N1 infection}},
  author={Shapira, S.D. and Gat-Viks, I. and Shum, B.O.V. and Dricot, A. and de Grace, M.M. and Wu, L. and Gupta, P.B. and Hao, T. and Silver, S.J. and others},
  journal={Cell},
  volume={139},
  number={7},
  pages={1255--1267},
  year={2009},
  publisher={Elsevier}
}

@article{mendez2010global,
  title={{Global approaches to study protein--protein interactions among viruses and hosts}},
  author={Mendez-Rios, J. and Uetz, P.},
  journal={Future Microbiology},
  volume={5},
  number={2},
  pages={289--301},
  year={2010},
  publisher={Future Medicine}
}

@article{maynard2010forward,
  title={{A Forward-Genetic Screen and Dynamic Analysis of Lambda Phage Host-Dependencies Reveals an Extensive Interaction Network and a New Anti-Viral Strategy}},
  author={Maynard, ND and Birch, EW and Sanghvi, JC and Chen, L. and Gutschow, MV and others},
  journal={PLoS Genet},
  volume={6},
  number={7},
  pages={e1001017},
  year={2010}
}

@article{uetz2006herpesviral,
  title={{Herpesviral protein networks and their interaction with the human proteome}},
  author={Uetz, P. and Dong, Y.A. and Zeretzke, C. and Atzler, C. and Baiker, A. and Berger, B. and Rajagopala, S.V. and Roupelieva, M. and Rose, D. and Fossum, E. and others},
  journal={Science},
  volume={311},
  number={5758},
  pages={239},
  year={2006},
  publisher={AAAS}
}

@article{citeulike:7479351,
    author = {Reyes, Alejandro and Haynes, Matthew and Hanson, Nicole and Angly, Florent E. and Heath, Andrew C. and Rohwer, Forest and Gordon, Jeffrey I.},
    citeulike-article-id = {7479351},
    citeulike-linkout-0 = {http://dx.doi.org/10.1038/nature09199},
    citeulike-linkout-1 = {http://dx.doi.org/10.1038/nature09199},
    day = {15},
    doi = {10.1038/nature09199},
    issn = {0028-0836},
    journal = {Nature},
    month = {July},
    number = {7304},
    pages = {334--338},
    posted-at = {2010-07-14 21:16:17},
    priority = {2},
    publisher = {Nature Publishing Group},
    title = {Viruses in the faecal microbiota of monozygotic twins and their mothers},
    url = {http://dx.doi.org/10.1038/nature09199},
    volume = {466},
    year = {2010}
}

@article{georgel2010virus,
  title={{Virus-host interactions in hepatitis C virus infection: implications for molecular pathogenesis and antiviral strategies}},
  author={Georgel, P. and Schuster, C. and Zeisel, M.B. and Stoll-Keller, F. and Berg, T. and Bahram, S. and Baumert, T.F.},
  journal={Trends in Molecular Medicine},
  year={2010},
  publisher={Elsevier}
}

@article{shepard2005global,
  title={{Global epidemiology of hepatitis C virus infection}},
  author={Shepard, C.W. and Finelli, L. and Alter, M.J. and others},
  journal={Lancet Infect Dis},
  volume={5},
  number={9},
  pages={558--567},
  year={2005}
}

@article{moradpour2007replication,
  title={{Replication of hepatitis C virus}},
  author={Moradpour, D. and Penin, F. and Rice, C.M.},
  journal={Nature Reviews Microbiology},
  volume={5},
  number={6},
  pages={453--463},
  year={2007},
  publisher={Nature Publishing Group}
}

@article{lengauer2006bioinformatics,
  title={{Bioinformatics-assisted anti-HIV therapy}},
  author={Lengauer, T. and Sing, T.},
  journal={Nature Reviews Microbiology},
  volume={4},
  number={10},
  pages={790--797},
  year={2006},
  publisher={Nature Publishing Group}
}

@article{clancy2008genetics,
  title={{Genetics of the influenza virus}},
  author={Clancy, S.},
  journal={Nature Education},
  volume={1},
  number={1},
  year={2008}
}

@article{hao2008drosophila,
  title={{Drosophila RNAi screen identifies host genes important for influenza virus replication}},
  author={Hao, L. and Sakurai, A. and Watanabe, T. and Sorensen, E. and Nidom, C.A. and Newton, M.A. and Ahlquist, P. and Kawaoka, Y.},
  journal={Nature},
  volume={454},
  number={7206},
  pages={890--893},
  year={2008},
  publisher={Nature Publishing Group}
}

@article{staal2008wnt,
  title={{WNT signalling in the immune system: WNT is spreading its wings}},
  author={Staal, F.J.T. and Luis, T.C. and Tiemessen, M.M.},
  journal={Nature Reviews Immunology},
  volume={8},
  number={8},
  pages={581--593},
  year={2008},
  publisher={Nature Publishing Group}
}

@article{hivNetMotifs,
AUTHOR = {van Dijk, D. and Ertaylan, G. and Boucher, C. and Sloot, P.},
TITLE = {Identifying potential survival strategies of {HIV}-1 through virus-host protein interaction networks},
JOURNAL = {BMC Systems Biology},
VOLUME = {4},
YEAR = {2010},
NUMBER = {1},
PAGES = {96},
URL = {http://www.biomedcentral.com/1752-0509/4/96},
DOI = {10.1186/1752-0509-4-96},
ISSN = {1752-0509},
}

@article{shen2002network,
  title={{Network motifs in the transcriptional regulation network of Escherichia coli}},
  author={Shen-Orr, S.S. and Milo, R. and Mangan, S. and Alon, U.},
  journal={Nature genetics},
  volume={31},
  number={1},
  pages={64--68},
  year={2002},
  publisher={Nature Publishing Group}
}

@article{wuchty2003evolutionary,
  title={{Evolutionary conservation of motif constituents in the yeast protein interaction network}},
  author={Wuchty, S. and Oltvai, Z.N. and Barab{\'a}si, A.L.},
  journal={Nature Genetics},
  volume={35},
  number={2},
  pages={176--179},
  year={2003},
  publisher={Nature Publishing Group}
}

@article{costanzo2010genetic,
  title={{The genetic landscape of a cell}},
  author={Costanzo, M. and Baryshnikova, A. and Bellay, J. and Kim, Y. and Spear, E.D. and Sevier, C.S. and Ding, H. and Koh, J.L.Y. and Toufighi, K. and Mostafavi, S. and others},
  journal={Science},
  volume={327},
  number={5964},
  pages={425},
  year={2010},
  publisher={AAAS}
}

@article{ruths2009gs,
  title={{GS2: an efficiently computable measure of GO-based similarity of gene sets}},
  author={Ruths, T. and Ruths, D. and Nakhleh, L.},
  journal={Bioinformatics},
  volume={25},
  number={9},
  pages={1178},
  year={2009},
  publisher={Oxford Univ Press}
}

@article{arold2001dynamic,
  title={{Dynamic Nef and Nef dynamics: how structure could explain the complex activities of this small HIV protein}},
  author={Arold, S.T. and Baur, A.S.},
  journal={Trends in Biochemical Sciences},
  volume={26},
  number={6},
  pages={356--363},
  year={2001},
  publisher={Elsevier}
}

@article{albert2004conserved,
  title={{Conserved network motifs allow protein-protein interaction prediction.}},
  author={Albert, I. and Albert, R.},
  journal={Bioinformatics},
  volume={20},
  number={18},
  pages={3346},
  year={2004}
}

@article{huang2007have,
  title={{Where have all the interactions gone? Estimating the coverage of two-hybrid protein interaction maps}},
  author={Huang, H. and Jedynak, B.M. and Bader, J.S.},
  journal={PLoS Computational Biology},
  volume={3},
  number={11},
  pages={e214},
  year={2007}
}

@article{krogan2006global,
  title={{Global landscape of protein complexes in the yeast Saccharomyces cerevisiae}},
  author={Krogan, N.J. and Cagney, G. and Yu, H. and Zhong, G. and Guo, X. and Ignatchenko, A. and Li, J. and Pu, S. and Datta, N. and Tikuisis, A.P. and others},
  journal={Nature},
  volume={440},
  number={7084},
  pages={637--643},
  year={2006},
  publisher={Nature Publishing Group}
}

@article{wong2004combining,
  title={{Combining biological networks to predict genetic interactions}},
  author={Wong, S.L. and Zhang, L.V. and Tong, A.H.Y. and Li, Z. and Goldberg, D.S. and King, O.D. and Lesage, G. and Vidal, M. and Andrews, B. and Bussey, H. and others},
  journal={PNAS},
  volume={101},
  number={44},
  pages={15682},
  year={2004},
  publisher={National Acad Sciences}
}

@article{karaoz2004whole,
  title={{Whole-genome annotation by using evidence integration in functional-linkage networks}},
  author={Karaoz, U. and Murali, TM and Letovsky, S. and Zheng, Y. and Ding, C. and Cantor, C.R. and Kasif, S.},
  journal={PNAS},
  volume={101},
  number={9},
  pages={2888},
  year={2004},
  publisher={National Acad Sciences}
}

@article{kelley2003conserved,
  title={{Conserved pathways within bacteria and yeast as revealed by global protein network alignment}},
  author={Kelley, B.P. and Sharan, R. and Karp, R.M. and Sittler, T. and Root, D.E. and Stockwell, B.R. and Ideker, T.},
  journal={PNAS},
  volume={100},
  number={20},
  pages={11394},
  year={2003},
  publisher={National Acad Sciences}
}

@article{sharan2005conserved,
  title={{Conserved patterns of protein interaction in multiple species}},
  author={Sharan, R. and Suthram, S. and Kelley, R.M. and Kuhn, T. and McCuine, S. and Uetz, P. and Sittler, T. and Karp, R.M. and Ideker, T.},
  journal={PNAS},
  volume={102},
  number={6},
  pages={1974},
  year={2005},
  publisher={National Acad Sciences}
}

@article{sharan2007network,
  title={{Network-based prediction of protein function}},
  author={Sharan, R. and Ulitsky, I. and Shamir, R.},
  journal={Molecular systems biology},
  volume={3},
  number={1},
  year={2007},
  publisher={Nature Publishing Group}
}

@article{dutkowski2007identification,
  title={{Identification of functional modules from conserved ancestral protein protein interactions}},
  author={Dutkowski, J. and Tiuryn, J.},
  journal={Bioinformatics},
  volume={23},
  number={13},
  pages={i149},
  year={2007},
  publisher={Oxford Univ Press}
}

@article{huang2009precision,
  title={{Precision and recall estimates for two-hybrid screens}},
  author={Huang, H. and Bader, J.S.},
  journal={Bioinformatics},
  volume={25},
  number={3},
  pages={372},
  year={2009},
  publisher={Oxford Univ Press}
}

% targets kinase, not ligands
@article{parthasarathi2008approved,
  title={{Approved drug mimics of short peptide ligands from protein interaction motifs}},
  author={Parthasarathi, L. and Casey, F. and Stein, A. and Aloy, P. and Shields, D.C.},
  journal={J. Chem. Inf. Model},
  volume={48},
  number={10},
  pages={1943--1948},
  year={2008},
  publisher={ACS Publications}
}

@article{navratil-system,
  title={{System-level comparison of protein-protein interactions between viruses and the human type I interferon system network}},
  author={Navratil, V. and de Chassey, B. and Meyniel, L. and Pradezynski, F. and AndreÃÅ, P. and Rabourdin-Combe, C. and Lotteau, V.},
  journal={Journal of Proteome Research},
  pages={1--20},
  publisher={ACS Publications},
  year={2010}
}

@article{jeong2001lethality,
  title={{Lethality and centrality in protein networks}},
  author={Jeong, H. and Mason, S.P. and Barab{\'a}si, A.L. and Oltvai, Z.N.},
  journal={Nature},
  volume={411},
  number={6833},
  pages={41--42},
  year={2001},
  publisher={Nature Publishing Group}
}

@article{albert2000error,
  title={{Error and attack tolerance of complex networks}},
  author={Albert, R. and Jeong, H. and Barab{\'a}si, A.L.},
  journal={Nature},
  volume={406},
  pages={378--382},
  year={2000}
}

@article{li2006protein,
  title={{Protein interaction networks of Saccharomyces cerevisiae, Caenorhabditis elegans and Drosophila melanogaster: large-scale organization and robustness}},
  author={Li, D. and Li, J. and Ouyang, S. and Wang, J. and Wu, S. and Wan, P. and Zhu, Y. and Xu, X. and He, F.},
  journal={Proteomics},
  volume={6},
  number={2},
  pages={456--461},
  year={2006},
  publisher={John Wiley \& Sons}
}

@article{han2005effect,
  title={{Effect of sampling on topology predictions of protein-protein interaction networks}},
  author={Han, J.D.J. and Dupuy, D. and Bertin, N. and Cusick, M.E. and Vidal, M.},
  journal={Nature Biotechnology},
  volume={23},
  number={7},
  pages={839--844},
  year={2005},
  publisher={Nature Publishing Group}
}

@article{rachlin2006biological,
  title={{Biological context networks: a mosaic view of the interactome}},
  author={Rachlin, J. and Cohen, D.D. and Cantor, C. and Kasif, S.},
  journal={Molecular Systems Biology},
  volume={2},
  number={1},
  year={2006},
  publisher={Nature Publishing Group}
}

@article{stumpf2005subnets,
  title={{Subnets of scale-free networks are not scale-free: sampling properties of networks}},
  author={Stumpf, M.P.H. and Wiuf, C. and May, R.M.},
  journal={PNAS},
  volume={102},
  number={12},
  pages={4221},
  year={2005},
  publisher={National Acad Sciences}
}

@article{jonsson2006global,
  title={{Global topological features of cancer proteins in the human interactome}},
  author={Jonsson, P.F. and Bates, P.A.},
  journal={Bioinformatics},
  volume={22},
  number={18},
  pages={2291},
  year={2006},
  publisher={Oxford Univ Press}
}

@article{young2004epstein,
  title={{Epstein--Barr virus: 40 years on}},
  author={Young, L.S. and Rickinson, A.B.},
  journal={Nature Reviews Cancer},
  volume={4},
  number={10},
  pages={757--768},
  year={2004},
  publisher={Nature Publishing Group}
}

@article{kafri2008preferential,
  title={{Preferential protection of protein interaction network hubs in yeast: evolved functionality of genetic redundancy}},
  author={Kafri, R. and Dahan, O. and Levy, J. and Pilpel, Y.},
  journal={PNAS},
  volume={105},
  number={4},
  pages={1243},
  year={2008},
  publisher={National Acad Sciences}
}

@article{fraser2002evolutionary,
  title={{Evolutionary rate in the protein interaction network}},
  author={Fraser, H.B. and Hirsh, A.E. and Steinmetz, L.M. and Scharfe, C. and Feldman, M.W.},
  journal={Science},
  volume={296},
  number={5568},
  pages={750},
  year={2002},
  publisher={AAAS}
}

@article{he2006hubs,
  title={{Why do hubs tend to be essential in protein networks}},
  author={He, X. and Zhang, J.},
  journal={PLoS Genetics},
  volume={2},
  number={6},
  pages={e88},
  year={2006}
}

@article{batada2006evolutionary,
  title={{Evolutionary and physiological importance of hub proteins}},
  author={Batada, N.N. and Hurst, L.D. and Tyers, M.},
  journal={PLoS Comput Biol},
  volume={2},
  number={7},
  pages={e88},
  year={2006}
}

@article{coulomb2005gene,
  title={{Gene essentiality and the topology of protein interaction networks}},
  author={Coulomb, S. and Bauer, M. and Bernard, D. and Marsolier-Kergoat, M.C.},
  journal={PNAS},
  volume={272},
  number={1573},
  pages={1721},
  year={2005},
  publisher={The Royal Society}
}

@article{lu2007hubs,
  title={{Hubs in biological interaction networks exhibit low changes in expression in experimental asthma}},
  author={Lu, X. and Jain, V.V. and Finn, P.W. and Perkins, D.L.},
  journal={Molecular Systems Biology},
  volume={3},
  number={1},
  year={2007},
  publisher={Nature Publishing Group}
}

@article{kolch2005coordinating,
  title={{Coordinating ERK/MAPK signalling through scaffolds and inhibitors}},
  author={Kolch, W.},
  journal={Nature Reviews Molecular Cell Biology},
  volume={6},
  number={11},
  pages={827--837},
  year={2005},
  publisher={Nature Publishing Group}
}

@article{liu2010modular,
  title={{Modular composition predicts kinase/substrate interactions}},
  author={Liu, Y. and Tozeren, A.},
  journal={BMC bioinformatics},
  volume={11},
  number={1},
  pages={349},
  year={2010},
  publisher={BioMed Central Ltd}
}

@article{skrabanek2008computational,
  title={{Computational prediction of protein--protein interactions}},
  author={Skrabanek, L. and Saini, H.K. and Bader, G.D. and Enright, A.J.},
  journal={Molecular biotechnology},
  volume={38},
  number={1},
  pages={1--17},
  year={2008},
  publisher={Springer}
}

@article{gsponer2008tight,
  title={{Tight regulation of unstructured proteins: from transcript synthesis to protein degradation}},
  author={Gsponer, J. and Futschik, M.E. and Teichmann, S.A. and Babu, M.M.},
  journal={Science},
  volume={322},
  number={5906},
  pages={1365},
  year={2008},
  publisher={AAAS}
}

@article{ekman2006properties,
  title={{What properties characterize the hub proteins of the protein-protein interaction network of Saccharomyces cerevisiae?}},
  author={Ekman, D. and Light, S. and Bjorklund, A. and Elofsson, A.},
  journal={Genome Biology},
  volume={7},
  number={6},
  pages={R45},
  year={2006},
  publisher={BioMed Central Ltd}
}

@article{singh2007role,
  title={{Role of intrinsic disorder in transient interactions of hub proteins}},
  author={Singh, G.P. and Ganapathi, M. and Dash, D.},
  journal={Proteins: Structure, Function, and Bioinformatics},
  volume={66},
  number={4},
  pages={761--765},
  year={2007},
  publisher={John Wiley \& Sons}
}

@article{kim2008role,
  title={{The role of disorder in interaction networks: a structural analysis}},
  author={Kim, P.M. and Sboner, A. and Xia, Y. and Gerstein, M.},
  journal={Molecular Systems Biology},
  volume={4},
  number={1},
  year={2008},
  publisher={Nature Publishing Group}
}

@article{vavouri2009intrinsic,
  title={{Intrinsic protein disorder and interaction promiscuity are widely associated with dosage sensitivity}},
  author={Vavouri, T. and Semple, J.I. and Garcia-Verdugo, R. and Lehner, B.},
  journal={Cell},
  volume={138},
  number={1},
  pages={198--208},
  year={2009},
  publisher={Elsevier}
}

@article{gsponer2009rules,
  title={{The rules of disorder or why disorder rules}},
  author={Gsponer, J. and Madan Babu, M.},
  journal={Progress in biophysics and molecular biology},
  volume={99},
  number={2-3},
  pages={94--103},
  year={2009},
  publisher={Elsevier}
}

@article{nagase2008exploration,
  title={{Exploration of human ORFeome: high-throughput preparation of ORF clones and efficient characterization of their protein products}},
  author={Nagase, T. and Yamakawa, H. and Tadokoro, S. and Nakajima, D. and Inoue, S. and Yamaguchi, K. and Itokawa, Y. and Kikuno, R.F. and Koga, H. and Ohara, O.},
  journal={DNA research},
  year={2008},
  publisher={Kazusa DNA Resh Ins}
}

@article{collins2007toward,
  title={{Toward a comprehensive atlas of the physical interactome of Saccharomyces cerevisiae}},
  author={Collins, S.R. and Kemmeren, P. and Zhao, X.C. and Greenblatt, J.F. and Spencer, F. and Holstege, F.C.P. and Weissman, J.S. and Krogan, N.J.},
  journal={Molecular \& Cellular Proteomics},
  volume={6},
  number={3},
  pages={439},
  year={2007},
  publisher={ASBMB}
}

@article{hart2006complete,
  title={{How complete are current yeast and human protein-interaction networks}},
  author={Hart, G.T. and Ramani, A.K. and Marcotte, E.M.},
  journal={Genome Biol},
  volume={7},
  number={11},
  pages={120},
  year={2006}
}

@article{jansen2003bayesian,
  title={{A Bayesian networks approach for predicting protein-protein interactions from genomic data}},
  author={Jansen, R. and Yu, H. and Greenbaum, D. and Kluger, Y. and Krogan, N.J. and Chung, S. and Emili, A. and Snyder, M. and Greenblatt, J.F. and Gerstein, M.},
  journal={Science},
  volume={302},
  number={5644},
  pages={449},
  year={2003},
  publisher={AAAS}
}

@article{lee2004probabilistic,
  title={{A probabilistic functional network of yeast genes}},
  author={Lee, I. and Date, S.V. and Adai, A.T. and Marcotte, E.M.},
  journal={Science},
  volume={306},
  number={5701},
  pages={1555},
  year={2004},
  publisher={AAAS}
}

@article{frankel2003hiv,
  title={{HIV-1: fifteen proteins and an RNA}},
  author={Frankel, A.D. and Young, J.A.T.},
  journal={Annual Reviews Biochemistry},
  year={2003},
  publisher={Annual Reviews}
}

@article{ceol2006domino,
  title={{DOMINO: a database of domain-peptide interactions}},
  author={Ceol, A. and Chatr-aryamontri, A. and Santonico, E. and Sacco, R. and Castagnoli, L. and Cesareni, G.},
  journal={Nucleic Acids Research},
  year={2006},
  publisher={Oxford Univ Press}
}

@article{neduva2006peptides,
  title={{Peptides mediating interaction networks: new leads at last}},
  author={Neduva, V. and Russell, R.B.},
  journal={Current opinion in biotechnology},
  volume={17},
  number={5},
  pages={465--471},
  year={2006},
  publisher={Elsevier}
}

@article{gould2010elm,
  title={{ELM: the status of the 2010 eukaryotic linear motif resource}},
  author={Gould, C.M. and Diella, F. and Via, A. and Puntervoll, P. and Gemund, C. and Chabanis-Davidson, S. and Michael, S. and Sayadi, A. and Bryne, J.C. and Chica, C. and others},
  journal={Nucleic Acids Research},
  volume={38},
  number={Database issue},
  pages={D167},
  year={2010},
  publisher={Oxford Univ Press}
}

@article{han04,
  title={{Evidence for dynamically organized modularity in the yeast protein-protein interaction network}},
  author={Han, J.D.J. and Bertin, N. and Hao, T. and Goldberg, D.S. and Berriz, G.F. and Zhang, L.V. and Dupuy, D. and Walhout, A.J.M. and Cusick, M.E. and Roth, F.P. and others},
  journal={Nature},
  volume={430},
  number={6995},
  pages={88--93},
  year={2004}
}

@article{prasad08,
   Author = {Prasad, T. S. and Goel, R. and Kandasamy, K. and Keerthikumar, S. and Kumar, S. and Mathivanan, S. and Telikicherla, D. and Raju, R. and Shafreen, B. and Venugopal, A.},
   Title = {Human Protein Reference Database--2009 update},
   Journal = {Nucleic Acids Research},
      Year = {2008} }

@article{hubbell2002robust,
  title={{Robust estimators for expression analysis}},
  author={Hubbell, E. and Liu, W.M. and Mei, R.},
  journal={Bioinformatics},
  volume={18},
  number={12},
  pages={1585},
  year={2002},
  publisher={Oxford Univ Press}
}

@article{wu2004model,
  title={{A model-based background adjustment for oligonucleotide expression arrays}},
  author={Wu, Z. and Irizarry, R.A. and Gentleman, R. and Martinez-Murillo, F. and Spencer, F.},
  journal={Journal of the American Statistical Association},
  volume={99},
  number={468},
  pages={909--917},
  year={2004},
  publisher={ASA}
}

@article{robertson1995recombination,
  title={{Recombination in AIDS viruses}},
  author={Robertson, D.L. and Hahn, B.H. and Sharp, P.M.},
  journal={Journal of Molecular Evolution},
  volume={40},
  number={3},
  pages={249--259},
  year={1995},
  publisher={Springer}
}

@article{mansky1998retrovirus,
  title={{Retrovirus mutation rates and their role in genetic variation}},
  author={Mansky, L.M.},
  journal={Journal of general Virology},
  volume={79},
  number={6},
  pages={1337},
  year={1998},
  publisher={Soc General Microbiol}
}
